@article{Thomas2008,
  author  = {Thomas, Christine M. and Liu, Tianbiao and Hall, Michael B.
             and Darensbourg, Marcetta Y.},
  title   = {Series of Mixed Valent {Fe(II)Fe(I)} Complexes That Model the
             {H(OX)} State of [{FeFe}]Hydrogenase: Redox Properties,
             Density-Functional Theory Investigation, and Reactivity with
             Extrinsic {CO}},
  journal = {Inorg. Chem.},
  year    = {2008},
  volume  = {47},
  number  = {15},
  pages   = {7009-7024},
  doi     = {10.1021/ic800654a},
}
@book{Graham1995,
  author    = {Ronald L. Graham and Donald E. Knuth and Oren Patashnik},
  title     = {Concrete Mathematics},
  publisher = {Addison-Wesley},
  year      = {1995},
}

@INPROCEEDINGS{Bermejo2018,

  author={Bermejo, Belen and Juiz, Carlos and Guerrero, Carlos},

  booktitle={2018 IEEE 20th International Conference on High Performance Computing and Communications; IEEE 16th International Conference on Smart City; IEEE 4th International Conference on Data Science and Systems (HPCC/SmartCity/DSS)}, 

  title={On the Linearity of Performance and Energy at Virtual Machine Consolidation: The CiS2 Index for CPU Workload in Server Saturation}, 

  year={2018},

  volume={},

  number={},

  pages={928-933},

  doi={10.1109/HPCC/SmartCity/DSS.2018.00154},
}
