
@book{briere_wireless_2011,
	title = {Wireless Home Networking For Dummies},
	isbn = {978-1-118-05245-7},
	pagetotal = {412},
	publisher = {John Wiley and Sons},
	author = {Briere, Danny and Hurley, Pat and Ferris, Edward},
	date = {2011-02-08},
	langid = {english},
}

@book{castro_linux-distros_2016,
	title = {Introducing Linux Distros},
	isbn = {978-1-4842-1392-6},
	pagetotal = {386},
	publisher = {Apress},
	date = {2016-06-10},
	langid = {english},
}